@inproceedings{karkkainenfairface,
  title={FairFace: Face Attribute Dataset for Balanced Race, Gender, and Age for Bias Measurement and Mitigation},
  author={Karkkainen, Kimmo and Joo, Jungseock},
  booktitle={Proceedings of the IEEE/CVF Winter Conference on Applications of Computer Vision},
  year={2021},
  pages={1548--1558}
}
